@INPROCEEDINGS{EmoSoundscape,
  author={J. {Fan} and M. {Thorogood} and P. {Pasquier}},
  booktitle={International Conference on Affective Computing and Intelligent Interaction (ACII)}, 
  title={Emo-soundscapes: A dataset for soundscape emotion recognition},
  year={2017}}

@article{IADSE,
  title={Affective auditory stimulus database: An expanded version of the International Affective Digitized Sounds (IADS-E)},
  author={Yang, Wanlu and Makita, Kai and Nakao, Takashi and Kanayama, Noriaki and Machizawa, Maro G and Sasaoka, Takafumi and Sugata, Ayako and Kobayashi, Ryota and Hiramoto, Ryosuke and Yamawaki, Shigeto and others},
  journal={Behavior Research Methods},
  volume={50},
  number={4},
  pages={1415--1429},
  year={2018},
  publisher={Springer}
}